<?xml version="1.0" encoding="UTF-8"?><collection xmlns="http://www.loc.gov/MARC21/slim"><record><leader>00370nam--2200121-i-4500</leader><controlfield tag="001">000044028</controlfield><controlfield tag="002">20161230</controlfield><controlfield tag="005">20161230201044</controlfield><controlfield tag="008">060222s1000------------r-----000-0-eng-d</controlfield><datafield ind1=" " ind2=" " tag="080"><subfield code="a">621.317.799:621.38:338.05</subfield></datafield><datafield ind1=" " ind2=" " tag="245"><subfield code="a">Tendinte moderne in constructia contemporana a aparatelor de masurat</subfield></datafield><datafield ind1=" " ind2=" " tag="260"><subfield code="a">Bucuresti, Institutul De Documentare Tehnica, 1967, 4p</subfield></datafield><datafield ind1=" " ind2=" " tag="852"><subfield code="a">D.1206</subfield></datafield></record></collection>